<?xml version="1.0" encoding="UTF-8"?><collection xmlns="http://www.loc.gov/MARC21/slim"><record><leader>00501nam--2200181-i-4500</leader><controlfield tag="001">000005395</controlfield><controlfield tag="002">20161230</controlfield><controlfield tag="005">20161230201026</controlfield><controlfield tag="008">060222s1000------------r-----000-0-eng-d</controlfield><datafield ind1=" " ind2=" " tag="040"><subfield code="a">IFIN-HH</subfield></datafield><datafield ind1=" " ind2=" " tag="080"><subfield code="a">546:545.824</subfield></datafield><datafield ind1="1" ind2=" " tag="100"><subfield code="a">Deye, R.M.W</subfield></datafield><datafield ind1="1" ind2="0" tag="245"><subfield code="a">X-ray powder photography in inorganic chemistry</subfield><subfield code="c">R.w.m. d'eye, e. wait</subfield></datafield><datafield ind1=" " ind2=" " tag="260"><subfield code="a">London</subfield><subfield code="b">Butterworths Scientific Publishing</subfield><subfield code="c">1960</subfield></datafield><datafield ind1=" " ind2=" " tag="300"><subfield code="a">VIII+ 222P</subfield></datafield><datafield ind1="1" ind2=" " tag="700"><subfield code="a">Wait, E</subfield></datafield><datafield ind1=" " ind2=" " tag="852"><subfield code="a">15922</subfield><subfield code="c">537.531</subfield></datafield><datafield ind1=" " ind2=" " tag="CAT"><subfield code="a">Sys</subfield><subfield code="c">20110809</subfield><subfield code="h">113302</subfield></datafield></record></collection>